@Article{Zhang2021,
  author       = "Han Zhang and Huawei Fan and Liang Wang and Xingang
                 Wang",
  DOI          = "10.1103/PhysRevE.104.024205",
  issue        = "2",
  journal      = "Phys. Rev. E",
  numpages     = "12",
  pages        = "024205",
  title        = "Learning {H}amiltonian dynamics with reservoir
                 computing",
  URL          = "https://link.aps.org/doi/10.1103/PhysRevE.104.024205",
  volume       = "104",
  year         = "2021",
}

@Book{Axler2020,
  author       = "Sheldon Axler",
  DOI          = "10.1007/978-3-030-33143-6",
  publisher    = "Springer",
  title        = "Measure, Integration \& Real Analysis",
  year         = "2020",
}

@Online{flutterhealth,
  title        = "health | Flutter package",
  author       = "cachet.dk",
  year         = "2024",
  URL          = "https://pub.dev/packages/health",
  urldate      = "2024-02-12",
}

@Online{huaweihealthkit,
  title        = "Introduction to Health Kit-Health Kit | {HUAWEI}
                 Developers",
  author       = "Huawei",
  year         = "2024",
  URL          = "https://developer.huawei.com/consumer/en/doc/HMSCore-Guides/description-0000001558389985",
  urldate      = "2024-02-12",
}

@Online{applehealthkit,
  title        = "{HealthKit} | Apple Developer Documentation",
  author       = "Apple",
  year         = "2024",
  URL          = "https://developer.apple.com/documentation/healthkit",
  urldate      = "2024-02-12",
}
